
@article{Giuliano,
 author = {Giuliano, Claudio and Lavelli, Alberto and Romano, Lorenza},
 title = {Relation Extraction and the Influence of Automatic Named-entity Recognition},
 journal = {ACM Trans. Speech Lang. Process.},
 issue_date = {December 2007},
 volume = {5},
 number = {1},
 month = dec,
 year = {2007},
 issn = {1550-4875},
 pages = {2:1--2:26},
 articleno = {2},
 numpages = {26},
 url = {http://doi.acm.org/10.1145/1322391.1322393},
 doi = {10.1145/1322391.1322393},
 acmid = {1322393},
 publisher = {ACM},
 address = {New York, NY, USA},
 keywords = {Information extraction, kernel methods, named-entity recognition, relation extraction},
} 

@inproceedings{GuoDong,
 author = {GuoDong, Zhou and Jian, Su and Jie, Zhang and Min, Zhang},
 title = {Exploring Various Knowledge in Relation Extraction},
 booktitle = {Proceedings of the 43rd Annual Meeting on Association for Computational Linguistics},
 series = {ACL '05},
 year = {2005},
 location = {Ann Arbor, Michigan},
 pages = {427--434},
 numpages = {8},
 url = {http://dx.doi.org/10.3115/1219840.1219893},
 doi = {10.3115/1219840.1219893},
 acmid = {1219893},
 publisher = {Association for Computational Linguistics},
 address = {Stroudsburg, PA, USA},
} 

@inproceedings{Grishman,
 author = {Grishman, Ralph},
 title = {Information Extraction: Techniques and Challenges},
 booktitle = {International Summer School on Information Extraction: A Multidisciplinary Approach to an Emerging Information Technology},
 series = {SCIE '97},
 year = {1997},
 isbn = {3-540-63438-X},
 pages = {10--27},
 numpages = {18},
 url = {http://dl.acm.org/citation.cfm?id=645856.669801},
 acmid = {669801},
 publisher = {Springer-Verlag},
 address = {London, UK, UK},
} 
